@article{bernstein2013managing,
  title={Managing Crystallographic Data in Facilities Using Integrated CIF, HDF5 and NeXus},
  author={Bernstein, HJ and Sloan, JM and Winter, G and Richter, TS},
  journal={Work},
  volume={25},
  pages={29},
  year={2013}
}

@inbook{drenth2006introduction,
  chapter={Introduction to basic crystallography},
  author={Drenth, J},
  editor={Arnold, Eddy and Himmel, Daniel M and Rossmann, Michael G},
  book={International Tables for Crystallography Volume F: Crystallography of Biological Macromolecules},
  pages={45 -- 63},
  year={2012},
  publisher={Wiley Online Library}
}

@incollection{leslie2007processing,
  title={Processing diffraction data with mosflm},
  author={Leslie, Andrew GW and Powell, Harry R},
  booktitle={Evolving Methods for Macromolecular Crystallography},
  pages={41 -- 51},
  year={2007},
  publisher={Springer},
  series={NATO Science Series},
  volume={245},
  doi={10.1007/978-1-4020-6316-9_4}
}

@book{stout1989x,
  title={X-ray structure determination: a practical guide},
  author={Stout, George H and Jensen, Lyle H},
  year={1989},
  publisher={John Wiley \& Sons}
}

@article{westbrook2022pdbx,
  title={PDBx/mmCIF ecosystem: foundational semantic tools for structural biology},
  author={Westbrook, John D. and Young, Jasmine Y. and Shao, Chenghua and Feng, Zukang and Guranovic, Vladimir and 
  Lawson, Catherine L. and Vallat, Brinda and Adams, Paul D. and Berrisford, John M. and Bricogne, Gerard and
  Diederichs, Kay amd Joosten, Robbie P. and Keller, Peter and Moriarty, Nigel W. and Sobolev, Oleg V. and
  Velankar, Sameer and Vonrhein, Clemens and Waterman, David G. and Kurisu, Genji and 
  Berman, Helen M. and  Burley, Stephen K. and Peisach, Ezra},
  journal={J. Mol. Bio.},
  volume={434},
  number={11},
  pages={167599},
  year={2022},
  publisher={Elsevier}
}

@techreport{PDB1992,
  title = {Protein Data Bank Contents Guide and Dictionary},
  author = {{Protein Data Bank}},
  institution = {Brookhaven National Laboratory},
  year = {1992},
  note = {Available from: https://www.wwpdb.org/documentation/file-format},
  type = {Format Specification}
}


@book{hall2005international,
  title={International tables for crystallography, volume G: Definition and exchange of crystallographic data},
  author={Hall, Sydney and McMahon, Brian},
  year={2005},
  publisher={John Wiley \& Sons}
}

@inbook{bernstein20062,
  title={International tables for crystallography, volume G: Definition and exchange of crystallographic data},
  editor={Hall, Sydney and McMahon, Brian},
  chapter={2.3. Specification of the Crystallographic Binary File (CBF/imgCIF)},
  author={Bernstein, HJ and Hammersley, AP},
  journal={International Tables for Crystallography},
  pages={37},
  year={2006},
  publisher={Springer}
}

@article{konnecke2015nexus,
  title={The NeXus data format},
  author={K{\"o}nnecke, Mark and Akeroyd, Frederick A and Bernstein, Herbert J and Brewster, Aaron S and 
  Campbell, Stuart I. and  Clausen, Bj{\"o}rn and Cottrell, Stephen and Hoffmann, Jens Uwe and 
  Jemian, Pete R. and M{\"a}nnicke, David and 
  Osborn, Raymond and Peterson, Peter F. and Richter, Tobias and Suzuki, Jiro and Watts, Benjamin Watts and 
  Wintersberger, Eugen
  and Wuttke, Joachim Wuttke},
  journal={J. Appl. Cryst.},
  volume={48},
  number={1},
  pages={301 -- 305},
  year={2015},
  publisher={International Union of Crystallography}
}

@article{bernstein2020gold,
  title={Gold Standard for macromolecular crystallography diffraction data},
  author={Bernstein, Herbert J and F{\"o}rster, Andreas and Bhowmick, Asmit and Brewster, Aaron S and
  Brockhauser, Sandor and Gelisio, Luca and Hall, David R and Leonarski, Filip and Mariani, Valerio and
  Santoni, Gianluca and Vonrhein, Clemens and Winter, Graeme},
  journal={IUCrJ},
  volume={7},
  number={5},
  pages={784 -- 792},
  year={2020},
  publisher={International Union of Crystallography}
}

